@online{cmh:videodemo,
	title="Video demonstration of latexindet.pl on youtube",
	url="http://www.youtube.com/watch?v=s_AMmNVg5WM"}
@online{cpan,
	title="CPAN: Comprehensive Perl Archive Network",
	url="http://www.cpan.org/"}
@online{strawberryperl,
	title="Strawberry Perl",
	url="http://strawberryperl.com/"}
@online{cmhblog,
	title="A Perl script for indenting tex files",
	url="http://tex.blogoverflow.com/2012/08/a-perl-script-for-indenting-tex-files/"}
@online{latexindent-home,
	title="Home of latexindent.pl",
	url="https://github.com/cmhughes/latexindent.pl"}
@online{perlbrew,
	title="Perlbrew",
	url="http://perlbrew.pl/"}
